<record><leader>00000cas a22000007a 4500</leader><controlfield tag="001">11412046</controlfield><controlfield tag="008">841121d18701920wiudn ne      0    0eng d</controlfield><datafield ind1=" " ind2=" " tag="010"><subfield code="a">sn 84024928 </subfield></datafield><datafield ind1=" " ind2=" " tag="040"><subfield code="a">NPV</subfield><subfield code="b">eng</subfield><subfield code="c">NPV</subfield><subfield code="d">OCLCQ</subfield></datafield><datafield ind1=" " ind2=" " tag="042"><subfield code="a">msc</subfield></datafield><datafield ind1="0" ind2="0" tag="245"><subfield code="a">Appleton evening crescent.</subfield></datafield><datafield ind1="1" ind2="3" tag="246"><subfield code="a">Appleton crescent</subfield><subfield code="f">June 28, 1919-Jan. 31, 1920</subfield></datafield><datafield ind1=" " ind2=" " tag="260"><subfield code="a">Appleton, Wis. :</subfield><subfield code="b">Ryan &amp; Bro.,</subfield><subfield code="c">-1920.</subfield></datafield><datafield ind1=" " ind2=" " tag="300"><subfield code="a">v.</subfield></datafield><datafield ind1=" " ind2=" " tag="310"><subfield code="a">Daily (Except Sun.)</subfield></datafield><datafield ind1="0" ind2=" " tag="362"><subfield code="a">-v. 30, no. 86 (Jan. 31, 1920).</subfield></datafield><datafield ind1="1" ind2=" " tag="362"><subfield code="a">Began in Oct. 1870?</subfield></datafield><datafield ind1=" " ind2=" " tag="588"><subfield code="a">Description based on: Vol. 7, no. 151 (Apr. 16, 1897).</subfield></datafield><datafield ind1=" " ind2=" " tag="752"><subfield code="a">United States</subfield><subfield code="b">Wisconsin</subfield><subfield code="c">Outagamie</subfield><subfield code="d">Appleton.</subfield></datafield><datafield ind1="0" ind2="7" tag="785"><subfield code="t">Appleton daily post</subfield><subfield code="w">(DLC)sn 85040233</subfield></datafield><datafield ind1="0" ind2="7" tag="785"><subfield code="t">Appleton post-crescent</subfield><subfield code="w">(DLC)sn 87082578</subfield></datafield></record>